
@article{__2012,
	title = {プロダクトレビュー 文献管理サービスMendeleyの紹介},
	volume = {59},
	issn = {0445-2429},
	url = {https://ci.nii.ac.jp/naid/40019437082},
	version = {81},
	pages = {243--249},
	number = {3},
	journaltitle = {医学図書館},
	author = {坂東, 慶太},
	urldate = {2018-07-01},
	date = {2012-09}
}